@misc{REINFORCE,
  ids          = {REINFORCE, VPG},
  author       = {Richard S. Sutton and David McAllester and Satinder Singh and Yishay Mansour},
  title        = {Policy Gradient Methods for Reinforcement Learning with Function Approximation},
  institution  = {AT&T Labs},
  year         = {1999},
  howpublished = {\url{https://proceedings.neurips.cc/paper_files/paper/1999/file/464d828b85b0bed98e80ade0a5c43b0f-Paper.pdf}}
}

@misc{TRPO,
  author       = {John Schulman and Sergey Levine and Philipp Moritz and Michael I. Jordan and Pieter Abbeel},
  title        = {Trust Region Policy Optimization},
  year         = {2017},
  howpublished = {\url{https://arxiv.org/pdf/1502.05477.pdf}}
}

@misc{PPO,
  author       = {John Schulman and Filip Wolski and Prafulla Dhariwal and Alec Radford and Oleg Klimov},
  title        = {Proximal Policy Optimization Algorithms},
  institution  = {OpenAI},
  year         = {2017},
  howpublished = {\url{https://arxiv.org/pdf/1707.06347.pdf}}
}

@misc{IMPALA,
  author       = {Lasse Espeholt and Hubert Soyer and Remi Munos and Karen Simonyan and Volodymyr Mnih and Tom Ward and Yotam Doron and Vlad Firoiu and Tim Harley and Iain Dunning and Shane Legg and Koray Kavukcuoglu},
  title        = {IMPALA: Scalable Distributed Deep-RL with Importance Weighted Actor-Learner Architectures},
  institution  = {Anonyme},
  year         = {2018},
  howpublished = {\url{https://arxiv.org/pdf/1802.01561.pdf}}
}

@misc{NGU,
  author       = {Adrià Puigdomènech Badia and Pablo Sprechmann and Alex Vitvitskyi and Daniel Guo and Bilal Piot and Steven Kapturowski and Olivier Tieleman and Martín Arjovsky and Alexander Pritzel and Andew Bolt and Charles Blundell},
  title        = {NEVER GIVE UP: LEARNING DIRECTED EXPLORATION STRATEGIES},
  institution  = {OpenAI},
  year         = {2020},
  howpublished = {\url{https://openreview.net/pdf?id=Sye57xStvB}}
}

@misc{ResNet,
  author       = {Kaiming He and Xiangyu Zhang and Shaoqing Ren and Jian Sun},
  title        = {Deep Residual Learning for Image Recognition},
  institution  = {OpenAI},
  year         = {2020},
  howpublished = {\url{https://arxiv.org/pdf/1512.03385.pdf}}
}


@misc{DQN,
  author       = {Volodymyr Mnih and Koray Kavukcuoglu and David Silver and Alex Graves and Ioannis Antonoglou and Daan Wierstra and Martin Riedmiller},
  title        = {Playing Atari with Deep Reinforcement Learning},
  institution  = {DeepMind},
  year         = {2013},
  howpublished = {\url{https://arxiv.org/pdf/1312.5602.pdf}}
}

@misc{AlphaZero,
  author       = {David Silver and Thomas Hubert and Julian Schrittwieser and Ioannis Antonoglou and Matthew Lai and Arthur Guez and Marc Lanctot and Laurent Sifre and Dharshan Kumaran and Thore Graepel Timothy Lillicrap and Karen Simonyan and Demis Hassabis},
  title        = {Mastering Chess and Shogi by Self-Play with a General Reinforcement Learning Algorithm},
  institution  = {DeepMind},
  year         = {2017},
  howpublished = {\url{https://openreview.net/pdf?id=Sye57xStvB}}
}

@misc{TD3,
  author       = {Scott Fujimoto and Herke van Hoof and David Meger},
  title        = {Addressing Function Approximation Error in Actor-Critic Methods},
  institution  = {Anonymous},
  year         = {2018},
  howpublished = {\url{https://arxiv.org/pdf/1802.09477.pdf}}
}

@misc{RNN,
  author       = {David E. Rumelhart and Geoffrey E. Hinton and Ronald J. Williams },
  title        = {Fundamentals of Recurrent Neural Network (RNN) and Long Short-Term Memory (LSTM) Network},
  institution  = {Cambridge, MA},
  year         = {1985},
  howpublished = {\url{https://apps.dtic.mil/dtic/tr/fulltext/u2/a164453.pdf}}
}

@misc{LSTM,
  author       = {Sepp Hochreiter and Jürgen Schmidhuber},
  title        = {LONG SHORT-TERM MEMORY},
  institution  = {München / IDSIA},
  year         = {1997},
  howpublished = {\url{https://www.bioinf.jku.at/publications/older/2604.pdf}}
}

@misc{DRQN,
  author       = {Matthew Hausknecht and Peter Stone},
  title        = {Deep Recurrent Q-Learning for Partially Observable MDPs},
  institution  = {University of Texas},
  year         = {2017},
  howpublished = {\url{https://arxiv.org/pdf/1507.06527.pdf}}
}

@misc{OpenAI_Gym,
  author       = {Greg Brockman and Vicki Cheung and Ludwig Pettersson and Jonas Schneider and John Schulman and Jie Tang and Wojciech Zaremba},
  title        = {OpenAI Gym},
  institution  = {Open AI},
  year         = {2016},
  howpublished = {\url{https://arxiv.org/pdf/1606.01540.pdf}}
}

@misc{R2D2,
  author       = {Steven Kapturowski and Georg Ostrovski and John Quan and Remi Munos and Will Dabney },
  title        = {RECURRENT EXPERIENCE REPLAY IN DISTRIBUTED REINFORCEMENT LEARNING},
  institution  = {DeepMind},
  year         = {2019},
  howpublished = {\url{https://openreview.net/pdf?id=r1lyTjAqYX}}
}

@misc{RND,
  author       = { Yuri Burda and Harrison Edwards and Amos Storkey and Oleg Klimov},
  title        = {EXPLORATION BY RANDOM NETWORK DISTILLATION},
  institution  = {OpenAI & Univ. of Edinburgh},
  year         = {2018},
  howpublished = {\url{https://arxiv.org/pdf/1810.12894.pdf}}
}

@misc{DQNPixelCNN,
  author       = { Georg Ostrovski and Marc G. Bellemare and Aaron van den Oord and Remi Munos },
  title        = {Count-Based Exploration with Neural Density Models},
  institution  = {Anonymous},
  year         = {2017},
  howpublished = {\url{https://arxiv.org/pdf/1703.01310.pdf}}
}

@misc{PPO_CoEx,
  author       = { Jongwook Choi and Yijie Guo and Marcin Moczulski and Junhyuk Oh and Neal Wu and Mohammad Norouzi and Honglak Lee },
  title        = {CONTINGENCY-AWARE EXPLORATION IN REINFORCEMENT LEARNING},
  institution  = {University of Michigan & Google Brain},
  year         = {2019},
  howpublished = {\url{https://arxiv.org/pdf/1811.01483.pdf}}
}