@misc{REINFORCE,
  ids          = {REINFORCE, VPG},
  author       = {Richard S. Sutton and David McAllester and Satinder Singh and Yishay Mansour},
  title        = {Policy Gradient Methods for Reinforcement Learning with Function Approximation},
  institution  = {AT&T Labs},
  year         = {1999},
  howpublished = {\url{https://proceedings.neurips.cc/paper_files/paper/1999/file/464d828b85b0bed98e80ade0a5c43b0f-Paper.pdf}}
}

@misc{TRPO,
  author       = {John Schulman and Sergey Levine and Philipp Moritz and Michael I. Jordan and Pieter Abbeel},
  title        = {Trust Region Policy Optimization},
  year         = {2017},
  howpublished = {\url{https://arxiv.org/pdf/1502.05477.pdf}}
}

@misc{PPO,
  author       = {John Schulman and Filip Wolski and Prafulla Dhariwal and Alec Radford and Oleg Klimov},
  title        = {Proximal Policy Optimization Algorithms},
  institution  = {OpenAI},
  year         = {2017},
  howpublished = {\url{https://arxiv.org/pdf/1707.06347.pdf}}
}

@misc{NGU,
  author       = {Adrià Puigdomènech Badia and Pablo Sprechmann and Alex Vitvitskyi and Daniel Guo and Bilal Piot and Steven Kapturowski and Olivier Tieleman and Martín Arjovsky and Alexander Pritzel and Andew Bolt and Charles Blundell},
  title        = {NEVER GIVE UP: LEARNING DIRECTED EXPLORATION STRATEGIES},
  institution  = {OpenAI},
  year         = {2020},
  howpublished = {\url{https://openreview.net/pdf?id=Sye57xStvB}}
}